@inproceedings{naughton2006event,
  title={Event extraction from heterogeneous news sources},
  author={Naughton, Martina and Kushmerick, Nicholas and Carthy, Joseph},
  booktitle={proceedings of the AAAI workshop event extraction and synthesis},
  pages={1--6},
  year={2006}
}
